<?xml version="1.0" encoding="UTF-8"?><collection xmlns="http://www.loc.gov/MARC21/slim"><record><leader>00537nam--2200181-i-4500</leader><controlfield tag="001">000027650</controlfield><controlfield tag="002">20161230</controlfield><controlfield tag="005">20161230201036</controlfield><controlfield tag="008">060222s1000------------r-----000-0-fre-d</controlfield><datafield ind1=" " ind2=" " tag="040"><subfield code="a">IFIN-HH</subfield></datafield><datafield ind1=" " ind2=" " tag="041"><subfield code="a">fre</subfield></datafield><datafield ind1=" " ind2=" " tag="080"><subfield code="a">539.124.143(043)</subfield></datafield><datafield ind1="1" ind2=" " tag="100"><subfield code="a">Kreisler, Alain</subfield></datafield><datafield ind1="1" ind2="0" tag="245"><subfield code="a">Etude par resonance paramagnetique electronique de graphites polycristallins entre 1,5 k et 300 k</subfield><subfield code="b">These</subfield><subfield code="c">Alain kreisler</subfield></datafield><datafield ind1=" " ind2=" " tag="260"><subfield code="a">Paris</subfield><subfield code="b">Universite De Paris</subfield><subfield code="c">1973</subfield></datafield><datafield ind1=" " ind2=" " tag="300"><subfield code="a">151P</subfield></datafield><datafield ind1=" " ind2=" " tag="852"><subfield code="a">40439</subfield><subfield code="c">539.143.43</subfield></datafield><datafield ind1=" " ind2=" " tag="CAT"><subfield code="a">Sys</subfield><subfield code="c">20120509</subfield><subfield code="h">102649</subfield></datafield></record></collection>